<?xml version="1.0" encoding="UTF-8"?><collection xmlns="http://www.loc.gov/MARC21/slim"><record><leader>00383nam--2200145-i-4500</leader><controlfield tag="001">000001226</controlfield><controlfield tag="002">20161230</controlfield><controlfield tag="005">20170116004120</controlfield><controlfield tag="008">060222s1000------------r-----000-0-eng-d</controlfield><datafield ind1=" " ind2=" " tag="245"><subfield code="a">Materials of construction for chemical plant</subfield></datafield><datafield ind1=" " ind2=" " tag="260"><subfield code="a">London</subfield><subfield code="b">Leonard Hill Books Ltd</subfield><subfield code="c">1962</subfield></datafield><datafield ind1=" " ind2=" " tag="300"><subfield code="a">204 p. + A 1-36</subfield></datafield><datafield ind1=" " ind2=" " tag="700"><subfield code="a">Hepner, I.L</subfield></datafield><datafield ind1=" " ind2=" " tag="852"><subfield code="a">17189</subfield></datafield><datafield ind1=" " ind2=" " tag="CAT"><subfield code="a">SYS</subfield><subfield code="c">20170116</subfield><subfield code="h">004120</subfield></datafield></record></collection>